<record><leader>00000cas a22000007a 4500</leader><controlfield tag="001">9469898</controlfield><controlfield tag="008">830502d18501855mduwr ne      0    0eng  </controlfield><controlfield tag="009">466</controlfield><datafield ind1=" " ind2=" " tag="010"><subfield code="a">sn 83016137 </subfield></datafield><datafield ind1=" " ind2=" " tag="040"><subfield code="a">DLC</subfield><subfield code="b">eng</subfield><subfield code="c">DLC</subfield><subfield code="d">MFN</subfield><subfield code="d">DLC</subfield><subfield code="d">OCLCQ</subfield></datafield><datafield ind1="1" ind2=" " tag="029"><subfield code="a">AU@</subfield><subfield code="b">000026220257</subfield></datafield><datafield ind1=" " ind2=" " tag="042"><subfield code="a">msc</subfield></datafield><datafield ind1="0" ind2="0" tag="050"><subfield code="a">Newspaper</subfield></datafield><datafield ind1="0" ind2="0" tag="245"><subfield code="a">Baltimore County advocate and general advertiser.</subfield></datafield><datafield ind1=" " ind2=" " tag="260"><subfield code="a">Cockeysville, Md. :</subfield><subfield code="b">E.F. Church</subfield></datafield><datafield ind1=" " ind2=" " tag="300"><subfield code="a">v.</subfield></datafield><datafield ind1=" " ind2=" " tag="310"><subfield code="a">Weekly</subfield></datafield><datafield ind1="0" ind2=" " tag="362"><subfield code="a">Vol. 1, no. 43 (Dec. 14, 1850)-v. 3, no. 156 (Feb. 12, 1853) ; Vol. 4, no. 1 (Feb. 19, 1853)-v. 6, no. 13 (May 12, 1855) = Whole no. 157-whole no. 273.</subfield></datafield><datafield ind1=" " ind2=" " tag="500"><subfield code="a">Published in Towsontown, Md., May 13, 1854-1855.</subfield></datafield><datafield ind1=" " ind2=" " tag="752"><subfield code="a">United States</subfield><subfield code="b">Maryland</subfield><subfield code="c">Baltimore</subfield><subfield code="d">Cockeysville.</subfield></datafield><datafield ind1=" " ind2=" " tag="752"><subfield code="a">United States</subfield><subfield code="b">Maryland</subfield><subfield code="c">Baltimore</subfield><subfield code="d">Towson.</subfield></datafield><datafield ind1="0" ind2="0" tag="780"><subfield code="t">Baltimore County advocate (Baltimore, Md.)</subfield><subfield code="w">(DLC)sn 89060370</subfield></datafield><datafield ind1="0" ind2="0" tag="785"><subfield code="t">Baltimore County advocate (Towson, Md.)</subfield><subfield code="w">(DLC)sn 83016138</subfield></datafield></record>